@article{Armstrong96,
	author={Armstrong, M.},
	title={Multiproduct nonlinear pricing.},
	journal={Econometrica},
	volume={64},
	year=1996,
	pages={51--75}
}

@article{Balder77,
	author={Balder, E. J. },
	title={An extension of duality-stability relations to non-convex optimization problems.},
	journal={SIAM J. Control Optim.},
	volume={15},
	year=1977,
	pages={329--343}
}

@article{BaronMyerson82,
	author={Baron, D. P. and Myerson, R. B. },
	title={Regulating a monopolist with unknown costs.},
	journal={Econometrica},
	volume={50},
	year=1982,
	pages={911--930}
}

@book{Basov05,
	author={Basov, S. },
	year={2005},
	title={Multidimensional screening.},
	publisher={Springer-Verlag},
	address={Berlin}
}


@article{Carlier01,
	author={Carlier, G. },
	title={A general existence result for the principal-agent problem with adverse selection. },
	journal={J. Math. Econom.},
	volume={35},
	year=2001,
	pages={129--150}
}

@article{CarlierLachand-Robert01,
	author={Carlier, G. and Lachand-Robert, T. },
	title={Regularity of solutions for some variational problems subject to convexity constraint.},
	journal={Comm. Pure Appl. Math.},
	volume={54},
	year=2001,
	pages={583--594}
}


@article{DoleckiKurcyusz78,
	author={Dolecki, S. and Kurcyusz, S. },
	title={On $\Phi$-convexity in extremal problems. },
	journal={SIAM J. Control Optim.},
	volume={16},
	year=1978,
	pages={277--300}
}

@book{EkelandTemam76,
	author={I. Ekeland and R. Temam},
	title={Analyse convexe et probl\'emes variationnels},
	publisher={Dunod (Libraire)},
	address={Paris},
	year=1976
	}
	
@article{ElsterNehse74,
	author={Elster, K.-H. and  Nehse, R. },
	title={Zur theorie der polarfunktionale.},
	journal={Math. Operationsforsch. Statist.},
	volume={5},
	year=1974,
	pages={3--21}
}

@book{Evans98,
	author = {Evans, L. C.},
	title={Partial Differential Equations},
	publisher={American Mathematical Society},
	address={Providence, Rhode Island},
	year=1998	
}	
 
@article{FigalliKimMcCann11,
	author={Figalli, A. and  Kim, Y.-H. and  McCann, R. J.},
	title={When is multidimensional screening a convex program?},
	journal={J. Econom. Theory},
	volume={146},
	year=2011,
	pages={454--478}
}

@article{GangboMcCann96,
	author={Gangbo, W. and McCann, R. J.},
	title={The geometry of optimal transportation.},
	journal={Acta Math.},
	volume={177},
	year=1996,
	pages={113--161}
}

@article{Gigli11,
	author={Gigli, N.},
	title={On the inverse implication of Brenier-McCann theorems and the structure of $(P_2(M),W_2)$.},
	journal={Methods Appl. Anal.},
	volume={18},
	year=2011,
	pages={127--158}
}

@article{GuesnerieLaffont78,
	author={Guesnerie, R. and  Laffont, J.-J.},
	title={Taxing price makers.},
	journal={J. Econom. Theory},
	volume={19},
	year=1978,
	pages={423--455}
}

@article{GuillenKitagawa15,
	author={Guillen, N. and  Kitagawa, J. },
	title={On the local geometry of maps with c-convex potentials.},
	journal={Calc. Var. Partial Differential Equations},
	volume={52(1-2)},
	year=2015,
	pages={345--387}
}

@article{GuillenKitagawaCPAM,
	author={Guillen, N. and Kitagawa, J.},
	title={Pointwise estimates and regularity in geometric optics and other generated Jacobian equations.},
	journal={Comm. Pure Appl. Math.},
	volume={70},
	year=2017,
	pages={1146--1220}
}

@article{KadanRenySwinkels11,
	author={Kadan, O. and  Reny, P. J. and  Swinkels, J. M.},
	title={Existence of optimal mechanisms in principal-agent problems},
	journal={Econometrica},
	volume={85(3)},
	year=2017,
	pages={769--823}
}


@article{KimMcCann10,
	author={Kim, Y.-H. and  McCann, R. J. },
	title={Continuity, curvature, and the general covariance of optimal transportation.},
	journal={J. Eur. Math. Soc.},
	volume={12},
	year=2010,
	pages={1009--1040}
}


@article{KutateladzeRubinov72,
	author={Kutateladze, S. S. and  Rubinov, A. M.},
	title={Minkowski duality and its applications.},
	journal={Russian Math. Surveys},
	volume={27},
	year=1972,
	pages={137--192}
}

@article{Loeper09,
	author={Loeper, G.},
	title={On the regularity of solutions of optimal transportation problems.},
	journal={Acta Math.},
	volume={202},
	year=2009,
	pages={241--283}
}

@article{MaTrudingerWang05,
	author={Ma, X.-N. and  Trudinger, N. S. and  Wang, X.-J.},
	title={Regularity of potential functions of the optimal transportation problem.},
	journal={Arch. Ration. Mech. Anal.},
	volume={177},
	year=2005,
	pages={151--183}
}

@incollection{MartinezLegaz05,
	author={Mart\'inez-Legaz, J. E.},
	title={Generalized convex duality and its economic applications.},
	booktitle={Handbook of generalized convexity and generalized monotonicity},
	publisher={Springer},
	address={New York},
	year=2005,
	pages={237--292}
}

@article{MaskinRiley84,
	author={Maskin, E. and  Riley, J.  },
	title={Monopoly with incomplete information.},
	journal={Rand J. Econom.},
	volume={15},
	year=1984,
	pages={171--196}
}

@article{McAfeeMcMillan88,
	author={ McAfee, R. P. and  McMillan, J. },
	title={Multidimensional incentive compatibility and mechanism design. },
	journal={J. Econom. Theory},
	volume={46},
	year=1988,
	pages={335--354}
}

@article{McCannZhang17,
	author={R.J. McCann and K.S. Zhang},
	title={On concavity of the monopolist's problem facing consumers with nonlinear price preferences},
	journal={To appear in Comm. Pure and Applied Math.}
	}
 
@article{Mirrlees71,
	author={Mirrlees, J. A. },
	title={An exploration in the theory of optimum income taxation.},
	journal={Rev. Econom. Stud.},
	volume={38},
	year=1971,
	pages={175--208}
}

@article{MonteiroPage98,
	author={ Monteiro, P. K. and  Page Jr., F. H. },
	title={Optimal selling mechanisms for multiproduct monopolists: incentive compatibility in the presence of budget constraints. },
	journal={J. Math. Econom.},
	volume={30},
	year=1998,
	pages={473--502}
}

@article{Moreau70,
	author={Moreau, J.-J. },
	title={Inf-convolution, sous-additivit\'e, convexit\'e des fonctions num\'eriques.},
	journal={J. Math. Pures Appl.},
	volume={49},
	year=1970,
	pages={109--154}
}

@article{MussaRosen78,
	author={Mussa, M. and  Rosen, S.},
	title={Monopoly product and quality. },
	journal={J. Econom. Theory},
	volume={18},
	year=1978,
	pages={301--317}
}

@article{Myerson79,
	author={Myerson, R. B.  },
	title={Incentive Compatibility and the Bargaining Problem.},
	journal={Econometrica},
	volume={47},
	year=1979,
	pages={61--73}
}
 
@article{Myerson81,
	author={Myerson, R. B.  },
	title={Optimal auction design.},
	journal={Math. Oper. Res.},
	volume={6},
	year=1981,
	pages={58--73}
}

@article{NoldekeSamuelson15p,
	author={ N\"oldeke, G. and Samuelson, L.  },
	title={The implementation duality. },
	journal={Econometrica},
	volume={86(4)},
	year=2018,
	pages={1283-1324}
}

@article{QuinziiRochet85,
author={Quinzii, M. and  Rochet, J.-C. },
title={Multidimensional screening.},
journal={J. Math. Econom.},
volume={14},
year=1985,
pages={261--284}
}

@article{Roberts79,
author={Roberts, K. W. S. },
title={Welfare considerations of nonlinear pricing. },
journal={The Economic Journal},
volume={89},
year=1979,
pages={66--83}
}

@article{Rochet85,
author={Rochet, J.-C. },
title={The taxation principle and multitime {Hamilton-Jacobi} equations. },
journal={J. Math. Econom.},
volume={14},
year=1985,
pages={113--128}
}

@article{Rochet87,
author={ Rochet, J.-C. },
title={A necessary and sufficient condition for rationalizability in a quasi-linear context.},
journal={J. Math. Econom.},
volume={16},
year=1987,
pages={191--200}
}

@article{RochetChone98,
author={ Rochet, J.-C. and  Chon$\acute{e}$, P. },
title={Ironing sweeping and multidimensional screening. },
journal={Econometrica},
volume={66},
year=1998,
pages={783--826}
}

@incollection{RochetStole03,
author={ Rochet, J.-C. and  Stole, L. A. },
title={The economics of multidimensional screening. },
booktitle={Advances in economics and econometrics},
publisher={Cambridge University Press},
address={Cambridge},
year=2003,
pages={150--197},
editor={M. Dewatripont and L. P. Hansen and S. J. Turnovsky}
}
 
@article{Rubinov00a,
author={ Rubinov, A. M.},
title={Abstract convexity: examples and applications. },
journal={Optimization},
volume={47},
year=2000,
pages={1--33}
}
 
@book{Rubinov00b,
author={  Rubinov, A. M. },
title={Abstract convexity and global optimization},
series={Nonconvex optimization and its applications},
publisher={Kluwer Academic Publ.},
address={Boston-Dordrecht-London},
volume={44},
year=2000
}

@book{Singer97,
author={Singer, I. },
year={1997},
title={Abstract convex analysis},
publisher={Wiley-Interscience},
address={New York}
}

@article{Spence74,
author={Spence, M. },
title={Competitive and optimal responses to signals: an analysis of efficiency and distribution.},
journal={J. Econom. Theory},
volume={7},
year=1974,
pages={296--332}
}

@article{Spence80,
author={Spence, M.},
title={Multi-product quantity-dependent prices and profitability constraints. },
journal={Rev. Econom. Stud.},
volume={47},
year=1980,
pages={821--841}
}

@article{Trudinger14,
author={Trudinger, N. S. },
title={On the local theory of prescribed Jacobian equations. },
journal={Discrete Contin. Dyn. Syst.},
volume={34},
year=2014,
pages={1663--1681}
}

@book{Vohra11,
author={ Vohra, R. V. },
year={2011},
title={Mechanism design: a linear programming approach},
publisher={Cambridge University Press},
address={Cambridge}
}

@book{Wilson93,
author={Wilson, R. },
year={1993},
title={Nonlinear pricing},
publisher={Oxford University Press},
address={Oxford}
}

@article{Zhang,
author={Zhang, K. S.},
title={Existence in multidimensional screening with general nonlinear preferences.},
journal={Submitted.}
}
 




